% Molecular Modeling Book
@book{schlick2010molecular,
  title={Molecular modeling and simulation: an interdisciplinary guide},
  author={Schlick, Tamar},
  volume={21},
  year={2010},
  publisher={Springer}
}

% Molecular Simulation Book
@book{frenkel2001understanding,
  title={Understanding molecular simulation: from algorithms to applications},
  author={Frenkel, Daan and Smit, Berend},
  year={2001},
  publisher={Access Online via Elsevier}
}


% MD used to make drugs
@article{perryman2004hiv,
  title={HIV-1 protease molecular dynamics of a wild-type and of the V82F/I84V mutant: Possible contributions to drug resistance and a potential new target site for drugs},
  author={Perryman, Alexander L and Lin, Jung-Hsin and McCammon, J Andrew},
  journal={Protein Science},
  volume={13},
  number={4},
  pages={1108--1123},
  year={2004},
  publisher={Wiley Online Library}
}

% MD used to make materials
@article{rao2001science,
  title={Science and technology of nanomaterials: current status and future prospects},
  author={Rao, CNR and Cheetham, AK},
  journal={J. Mater. Chem.},
  volume={11},
  number={12},
  pages={2887--2894},
  year={2001},
  publisher={The Royal Society of Chemistry}
}

% MD used for biology
@article{karplus1990molecular,
  title={Molecular dynamics simulations in biology},
  author={Karplus, Martin and Petsko, Gregory A},
  journal={Nature},
  volume={347},
  number={6294},
  pages={631--639},
  year={1990}
}

% Velocity Verlet paper
@article{swope1982computer,
  title={A computer simulation method for the calculation of equilibrium constants for the formation of physical clusters of molecules: Application to small water clusters},
  author={Swope, William C and Andersen, Hans C and Berens, Peter H and Wilson, Kent R},
  journal={The Journal of Chemical Physics},
  volume={76},
  pages={637},
  year={1982}
}

% Ab Initio DFT
@article{parr1995density,
  title={Density-functional theory of the electronic structure of molecules},
  author={Parr, Robert G and Yang, Weitao},
  journal={Annual Review of Physical Chemistry},
  volume={46},
  number={1},
  pages={701--728},
  year={1995},
  publisher={Annual Reviews 4139 El Camino Way, PO Box 10139, Palo Alto, CA 94303-0139, USA}
}

% Truncation Effects
@article{patra2003molecular,
  title={Molecular dynamics simulations of lipid bilayers: major artifacts due to truncating electrostatic interactions},
  author={Patra, Michael and Karttunen, Mikko and Hyv{\"o}nen, Marja T and Falck, E and Lindqvist, Peter and Vattulainen, Ilpo},
  journal={Biophysical journal},
  volume={84},
  number={6},
  pages={3636--3645},
  year={2003},
  publisher={Elsevier}
}

% RD and SL schemes
@article{smith1991molecular,
  title={Molecular dynamics on hypercube parallel computers},
  author={Smith, W},
  journal={Computer Physics Communications},
  volume={62},
  number={2},
  pages={229--248},
  year={1991},
  publisher={Elsevier}
}

% Three Body Problem
@article{vsuvakov2013three,
  title={Three Classes of Newtonian Three-Body Planar Periodic Orbits},
  author={{\v{S}}uvakov, Milovan and Dmitra{\v{s}}inovi{\'c}, V},
  journal={Physical Review Letters},
  volume={110},
  number={11},
  pages={114301},
  year={2013},
  publisher={APS}
}

% Landau Lifschitz Mechanics
@article{landau1976mechanics,
  title={Mechanics: Volume 1 (Course Of Theoretical Physics) Author: LD Landau, EM Lifshitz, Publisher: Butterwor},
  author={Landau, LD},
  year={1976},
  publisher={Butterworth-Heinemann}
}

% DL_POLY Documentation
@article{smith1996dlpoly2,
  title={DL\_POLY\_2. 0: A general-purpose parallel molecular dynamics simulation package},
  author={Smith, W and Forester, TR},
  journal={Journal of Molecular Graphics},
  volume={14},
  number={3},
  pages={136--141},
  year={1996},
  publisher={Elsevier}
}

% Multiple Timescale MD
@article{tuckerman1992reversible,
  title={Reversible multiple time scale molecular dynamics},
  author={Tuckerman, M and Berne, Bruce J and Martyna, Glenn J},
  journal={The Journal of chemical physics},
  volume={97},
  number={3},
  pages={1990},
  year={1992}
}

% The LJ Potential
@article{jones1924determination,
  title={On the determination of molecular fields. II. From the equation of state of a gas},
  author={Jones, JE},
  journal={Proceedings of the Royal Society of London. Series A, Containing Papers of a Mathematical and Physical Character},
  volume={106},
  number={738},
  pages={463--477},
  year={1924},
  publisher={JSTOR}
}

% Ewald Summation
@article{ewald1921berechnung,
  title={Die Berechnung optischer und elektrostatischer Gitterpotentiale},
  author={Ewald, Paul P},
  journal={Annalen der Physik},
  volume={369},
  number={3},
  pages={253--287},
  year={1921},
  publisher={Wiley Online Library}
}

% Domain Decomposition Fast
@article{plimpton1995fast,
  title={Fast parallel algorithms for short-range molecular dynamics},
  author={Plimpton, Steve},
  journal={Journal of Computational Physics},
  volume={117},
  number={1},
  pages={1--19},
  year={1995},
  publisher={Elsevier}
}

% Fast Multipole Method
@article{appel1985efficient,
  title={An efficient program for many-body simulation},
  author={Appel, Andrew W},
  journal={SIAM Journal on Scientific and Statistical Computing},
  volume={6},
  number={1},
  pages={85--103},
  year={1985},
  publisher={SIAM}
}

% The Order Of The Fast Multipole Method
@article{esselink1992order,
  title={The order of Appel's algorithm},
  author={Esselink, Klaas},
  journal={Information Processing Letters},
  volume={41},
  number={3},
  pages={141--147},
  year={1992},
  publisher={Elsevier}
}

% Replicated Data and Verlet List Combination
@article{smith1994parallel,
  title={Parallel macromolecular simulations and the replicated data strategy: I. The computation of atomic forces},
  author={Smith, W and Forester, TR},
  journal={Computer physics communications},
  volume={79},
  number={1},
  pages={52--62},
  year={1994},
  publisher={Elsevier}
}

% AMBER
@article{pearlman1995amber,
  title={AMBER, a package of computer programs for applying molecular mechanics, normal mode analysis, molecular dynamics and free energy calculations to simulate the structural and energetic properties of molecules},
  author={Pearlman, David A and Case, David A and Caldwell, James W and Ross, Wilson S and Cheatham III, Thomas E and DeBolt, Steve and Ferguson, David and Seibel, George and Kollman, Peter},
  journal={Computer Physics Communications},
  volume={91},
  number={1},
  pages={1--41},
  year={1995},
  publisher={Elsevier}
}

% CHARMM
@article{brooks1983charmm,
  title={CHARMM: A program for macromolecular energy, minimization, and dynamics calculations},
  author={Brooks, Bernard R and Bruccoleri, Robert E and Olafson, Barry D and Swaminathan, S and Karplus, Martin and others},
  journal={Journal of computational chemistry},
  volume={4},
  number={2},
  pages={187--217},
  year={1983},
  publisher={Wiley Online Library}
}

% DL_POLY
@article{smith1996dl_poly_2,
  title={DL\_POLY\_2. 0: A general-purpose parallel molecular dynamics simulation package},
  author={Smith, W and Forester, TR},
  journal={Journal of Molecular Graphics},
  volume={14},
  number={3},
  pages={136--141},
  year={1996},
  publisher={Elsevier}
}

% GROMACS 1
@article{berendsen1995gromacs,
  title={GROMACS: A message-passing parallel molecular dynamics implementation},
  author={Berendsen, Herman JC and van der Spoel, David and van Drunen, Rudi},
  journal={Computer Physics Communications},
  volume={91},
  number={1},
  pages={43--56},
  year={1995},
  publisher={Elsevier}
}

% GROMACS 4
@article{hess2008gromacs,
  title={GROMACS 4: Algorithms for highly efficient, load-balanced, and scalable molecular simulation},
  author={Hess, Berk and Kutzner, Carsten and Van Der Spoel, David and Lindahl, Erik},
  journal={Journal of chemical theory and computation},
  volume={4},
  number={3},
  pages={435--447},
  year={2008},
  publisher={ACS Publications}
}
